<?xml version="1.0" encoding="UTF-8"?>
<collection xmlns:xsi="http://www.w3.org/2001/XMLSchema-instance" xsi:schemaLocation="http://www.loc.gov/MARC21/slim http://www.loc.gov/standards/marcxml/schema/MARC21slim.xsd" xmlns="http://www.loc.gov/MARC21/slim">
<record>
  <leader>03786cam a2200457 a 4500</leader>
  <controlfield tag="001">649938</controlfield>
  <controlfield tag="003">NNC</controlfield>
  <controlfield tag="005">20100307233821.0</controlfield>
  <controlfield tag="008">921006s1891    ua            00000 ara d</controlfield>
  <datafield tag="035" ind1=" " ind2=" ">
    <subfield code="a">(OCoLC)26957102</subfield>
  </datafield>
  <datafield tag="035" ind1=" " ind2=" ">
    <subfield code="a">(OCoLC)ocm26957102</subfield>
  </datafield>
  <datafield tag="035" ind1=" " ind2=" ">
    <subfield code="a">(CStRLIN)NYCG88-B35422</subfield>
  </datafield>
  <datafield tag="035" ind1=" " ind2=" ">
    <subfield code="9">ACV7126CU</subfield>
  </datafield>
  <datafield tag="035" ind1=" " ind2=" ">
    <subfield code="a">(NNC)649938</subfield>
  </datafield>
  <datafield tag="040" ind1=" " ind2=" ">
    <subfield code="a">NN</subfield>
    <subfield code="c">NN</subfield>
  </datafield>
  <datafield tag="066" ind1=" " ind2=" ">
    <subfield code="c">(3</subfield>
  </datafield>
  <datafield tag="100" ind1="0" ind2=" ">
    <subfield code="6">880-01</subfield>
    <subfield code="a">Raḥmat Allāh ibn Khalīl al-Raḥmān,</subfield>
    <subfield code="d">1818-1891.</subfield>
  </datafield>
  <datafield tag="240" ind1="1" ind2="0">
    <subfield code="6">880-02</subfield>
    <subfield code="a">Iẓhār al-ḥaqq.</subfield>
    <subfield code="f">1891</subfield>
  </datafield>
  <datafield tag="245" ind1="1" ind2="0">
    <subfield code="6">880-03</subfield>
    <subfield code="a">Kitab iẓhār al-ḥaqq /</subfield>
    <subfield code="c">li-Raḥmat Allāh ibn Khalīl al-Raḥmān al-Hindī. Wa-bi-hāmishihi arbaʻ rasāʾil, al-awwal tarjamat Risālah bi-lisān ardū lil-Sayyid ʻAbd Allāh al-Hindī : dhakara fīhā kayfīyat al-munāẓarah al-madhkūr / li-Rifāʻī al-Khūlī. Wa-al-Thānīyah al-musammāh bi-al-Tanbīhāt fī ithbāt al-iḥtiyāj ilá al-baʻthah wa-al-ḥashr / li-muʾallif Iẓhār al-ḥaqq. Wa-al-thālithah Khulāṣat al-tarjīḥ lil-dīn al-ṣaḥīḥ. Wa-al-rābiʻah Mukhtaṣar al-ajwibah al-jalīyah li-daḥḍ al-daʻwāt al-Naṣrānīyah / wa-kullāhumā li-Muḥammad ibn ʻAlī al-Ṭayyibī al-Shāfiʻī.</subfield>
  </datafield>
  <datafield tag="260" ind1=" " ind2=" ">
    <subfield code="6">880-04</subfield>
    <subfield code="a">Miṣr :</subfield>
    <subfield code="b">al-Maṭbaʻah al-Khayrīyah,</subfield>
    <subfield code="c">1309 [i.e. 1891]</subfield>
  </datafield>
  <datafield tag="300" ind1=" " ind2=" ">
    <subfield code="a">2 v. in 1. ;</subfield>
    <subfield code="c">24 cm.</subfield>
  </datafield>
  <datafield tag="500" ind1=" " ind2=" ">
    <subfield code="a">In Arabic.</subfield>
  </datafield>
  <datafield tag="650" ind1=" " ind2="0">
    <subfield code="a">Islam</subfield>
    <subfield code="x">Apologetic works.</subfield>
  </datafield>
  <datafield tag="650" ind1=" " ind2="0">
    <subfield code="a">Islam</subfield>
    <subfield code="x">Relations</subfield>
    <subfield code="x">Christianity.</subfield>
  </datafield>
  <datafield tag="650" ind1=" " ind2="0">
    <subfield code="a">Christianity and other religions</subfield>
    <subfield code="x">Islam.</subfield>
  </datafield>
  <datafield tag="650" ind1=" " ind2="0">
    <subfield code="a">Christianity</subfield>
    <subfield code="x">Controversial literature.</subfield>
  </datafield>
  <datafield tag="650" ind1=" " ind2="0">
    <subfield code="a">Islam</subfield>
    <subfield code="x">Doctrines.</subfield>
  </datafield>
  <datafield tag="700" ind1="0" ind2="2">
    <subfield code="6">880-05</subfield>
    <subfield code="a">Rifāʻī al-Khūlī.</subfield>
    <subfield code="t">Risālah bi-lisān ardū lil-sayyid ʻAbd Allāh al-Hindī.</subfield>
    <subfield code="f">1891.</subfield>
  </datafield>
  <datafield tag="700" ind1="0" ind2="2">
    <subfield code="6">880-06</subfield>
    <subfield code="a">Raḥmat Allāh ibn Khalīl al-Raḥmān,</subfield>
    <subfield code="d">1818-1891.</subfield>
    <subfield code="t">Tanbīhāt fī ithbāt al-iḥtiyāj ilá al-baʻthah wa-al-ḥashr.</subfield>
    <subfield code="f">1891.</subfield>
  </datafield>
  <datafield tag="700" ind1="1" ind2="2">
    <subfield code="6">880-07</subfield>
    <subfield code="a">Ṭayyibī, Muḥammad ibn ʻAlī.</subfield>
    <subfield code="t">Khulāṣat al-tarjīḥ lil-dīn al-ṣaḥīḥ.</subfield>
    <subfield code="f">1891.</subfield>
  </datafield>
  <datafield tag="700" ind1="1" ind2="2">
    <subfield code="6">880-08</subfield>
    <subfield code="a">Ṭayyibī, Muḥammad ibn ʻAlī.</subfield>
    <subfield code="t">Mukhtaṣar al-ajwibah al-jalīyah li-daḥḍ al-daʻwāt al-Naṣrānīyah.</subfield>
    <subfield code="f">1891.</subfield>
  </datafield>
  <datafield tag="880" ind1="0" ind2=" ">
    <subfield code="6">100-01/(3/r</subfield>
    <subfield code="a">رحمة الله بن خليل الرحمن الهندي.</subfield>
  </datafield>
  <datafield tag="880" ind1="1" ind2="0">
    <subfield code="6">240-02/(3/r</subfield>
    <subfield code="a">اظهار الحق.</subfield>
    <subfield code="f">1891</subfield>
  </datafield>
  <datafield tag="880" ind1="1" ind2="2">
    <subfield code="6">245-03/(3/r</subfield>
    <subfield code="a">كتاب اظهار الحق /</subfield>
    <subfield code="c">لرحمة الله بن خليل الرحمن الهندي. وبهامشه أربع رسائل، الاول ترجمة رسالة بلسان اردو للسيذ عبد الله الهندي : ذكر فيها كيفية المناظرة المذكور / رفاعي الخولي. والثانية المسماة بالتنبيهات في اثبات الاحتياج الى البعثة والحشر / لمؤلف اظهار الحق. الثلاثة خلاصة الترجيج للدين الصحيح. والرابعة مختصر الاجوبة الجلية لدحض الدعوات النصرانية / كلاهما لمحمد بن علي الطيبي الشافعي.</subfield>
  </datafield>
  <datafield tag="880" ind1=" " ind2=" ">
    <subfield code="6">260-04/(3/r</subfield>
    <subfield code="a">مصر :</subfield>
    <subfield code="b">المطبعة الخيرية،</subfield>
    <subfield code="c">٩٠٣١.</subfield>
  </datafield>
  <datafield tag="880" ind1="0" ind2="2">
    <subfield code="6">700-05/(3/r</subfield>
    <subfield code="a">رفاعي الخولي.</subfield>
    <subfield code="t">رسالة بلسان اردو للسيد عبد الله الهندي.</subfield>
    <subfield code="f">1891.</subfield>
  </datafield>
  <datafield tag="880" ind1="0" ind2="2">
    <subfield code="6">700-06/(3/r</subfield>
    <subfield code="a">رحمة الله بن خليل الرحمن الهندي.</subfield>
    <subfield code="t">تنبيهات في اثبات الاحتياج الى البعثة والحشر.</subfield>
    <subfield code="f">1891.</subfield>
  </datafield>
  <datafield tag="880" ind1="0" ind2="2">
    <subfield code="6">700-07/(3/r</subfield>
    <subfield code="a">محمد بن علي الطيبي الشافعي.</subfield>
    <subfield code="t">خلاصة الترجيح للدين الصحيح.</subfield>
    <subfield code="f">1891.</subfield>
  </datafield>
  <datafield tag="880" ind1="0" ind2="2">
    <subfield code="6">700-08/(3/r</subfield>
    <subfield code="a">محمد بن علي الطيبي الشافعي.</subfield>
    <subfield code="t">مختصر الاجوبة الجلية لدحض الدعوات النصرانية.</subfield>
    <subfield code="f">1891.</subfield>
  </datafield>
  <datafield tag="955" ind1=" " ind2=" ">
    <subfield code="b">CU10658467</subfield>
    <subfield code="d">off,glx</subfield>
    <subfield code="e">ME06758</subfield>
  </datafield>
</record>
</collection>